<?xml version="1.0" encoding="UTF-8"?><record xmlns="http://www.loc.gov/MARC21/slim" xmlns:cinclude="http://apache.org/cocoon/include/1.0" xmlns:zs="http://www.loc.gov/zing/srw/">
  <leader>00702cz  a2200169n  4500</leader>
  <controlfield tag="001">no 99045691 </controlfield>
  <controlfield tag="003">DLC</controlfield>
  <controlfield tag="005">19990629052443.7</controlfield>
  <controlfield tag="008">990625n| acannaab           |a aaa     c</controlfield>
  <datafield tag="010" ind1=" " ind2=" ">
    <subfield code="a">no 99045691 </subfield>
  </datafield>
  <datafield tag="035" ind1=" " ind2=" ">
    <subfield code="a">(OCoLC)oca05014783 </subfield>
  </datafield>
  <datafield tag="040" ind1=" " ind2=" ">
    <subfield code="a">NmU</subfield>
    <subfield code="c">NmU</subfield>
  </datafield>
  <datafield tag="100" ind1="1" ind2="0">
    <subfield code="a">Birmingham, B. W.,</subfield>
    <subfield code="d">1925-</subfield>
  </datafield>
  <datafield tag="400" ind1="1" ind2="0">
    <subfield code="a">Birmingham, Bascom W.,</subfield>
    <subfield code="d">1925-</subfield>
  </datafield>
  <datafield tag="670" ind1=" " ind2=" ">
    <subfield code="a">Technology of liqiuid helium, 1968:</subfield>
    <subfield code="b">t.p. (B.W. Birmingham; Inst. for Basic Standards, NBS, Boulder Labs., Boulder, Colo.)</subfield>
  </datafield>
  <datafield tag="670" ind1=" " ind2=" ">
    <subfield code="a">LC in OCLC (68-61553), 6/25/99</subfield>
    <subfield code="b">(hdg.: Birmingham, B. W., 1925- ; usage: B.W. Birmingham)</subfield>
  </datafield>
  <datafield tag="670" ind1=" " ind2=" ">
    <subfield code="a">OCLC #30144750, 6/25/99</subfield>
    <subfield code="b">(hdg.: Birmingham, Bascom W.; usage: Bascom W. Birmingham; author's M.S. thesis, M.I.T.)</subfield>
  </datafield>
</record>